@book{Liboff,
    author = {Liboff, R.L.},
    title = {Introductory Quantum Mechanics},
    publisher = {Addison--Wesley Publishing Company, Inc},
    year = {1980},
    edition = {2nd},
    isbn = {0-8053-8714-5}
}

@book{Sakurai,
    author = {Sakurai, J.J. and Napolitano, J.},
    title = {Modern Quantum Mechanics},
    publisher = {Cambrige University Press},
    year = {2021},
    edition = {3rd},
    isbn = {978-1-108-47322-4}
}

@book{Griffiths,
    author = {Griffiths, D.J.},
    title = {Introduction to Quantum Mechanics},
    publisher = {Cambrige University Press},
    year = {2018},
    edition = {3rd},
    isbn = {978-1-107-18963-8}
}

@book{Landau,
    author = {Landau, L and Lifshitz, E.M.},
    title = {Quantum Mechanics: Non--relativistic Theory},
    publisher = {Pergamon Press},
    year = {1977},
    edition = {1st}
}

@book{Gasiorowicz,
    author = {Gasiorowicz, S.},
    title = {Quantum Mechanics},
    publisher = {John Wiley \& Sons},
    year = {2003},
    edition = {3rd},
    isbn = {0-471-42945-7}
}

@book{Finkelstein,
    author = {Finkelstein, R.J.},
    title = {Non--relativistic Mechanics},
    publisher = {W.A. Benjamin},
    year = {1973},
    edition = {1st}
}

@book{Eisberg,
    author = {Eisberg, R. and Resnick, R.},
    title = {Quantum Physics of Atoms, Molecules, Solids, Nuclei and Particles},
    publisher = {John Wiley \& Sons},
    year = {1985},
    edition = {2nd},
    isbn = {0-471-87373-X}
}

@book{Arfken,
    author = {Arfken, G.B. and Weber, H.B.},
    title = {Mathematical Methods for Physicists},
    publisher = {Academic Press},
    year = {2000},
    edition = {6th}
}

@book{Chitara,
    author = {Chitara, T.S.},
    title = {An Introduction to Orthogonal Polynomials},
    publisher = {Gordon and Breach Science Publishers},
    year = {1978},
    edition = {13th}
}

@book{Schiff,
    author = {Schiff, L.},
    title = {Quantum Mechanics},
    publisher = {McGraw--Hill},
    year = {1968},
    edition = {3th},
}

@book{Zettili,
    author = {Zettili, N.},
    title = {Quantum Mechanics: Concepts and Applications},
    publisher = {Wiley},
    year = {2009},
    edition = {2nd},
    isnb = {978-0-470-02678-6}
}

@book{Schwartz,
    author = {Schwartz, M.D.},
    title = {Quantum Field Theory and the Standard Model},
    publisher = {Cambrige University Press},
    year = {2014},
    edition = {1st},
    isbn = {978-1-107-03473-0}
}

@article{Marcellan,
    title = {On the “Favard theorem” and its extensions},
    journal = {J. Comput. Appl. Math.},
    volume = {127},
    pages = {231--254},
    year = {2001},
    doi = {10.1016/S0377-0427(00)00497-0},
    author = {Marcellán, F. and Álvarez-Nodarse, R.}
}

@article{Garboczi,
    title = {Three-dimensional mathematical analysis of particle shape using X-ray tomography and spherical harmonics: Application to aggregates used in concrete},
    journal = {Cem. Concr. Res.},
    volume = {32},
    pages = {1621},
    year = {2002},
    doi = {10.1016/S0008-8846(02)00836-0},
    author = {E.J. Garboczi},
}

@article{PhysRevLett.97.030801,
    title = {New Measurement of the Electron Magnetic Moment Using a One-Electron Quantum Cyclotron},
    author = {Odom, B. and Hanneke, D. and D'Urso, B. and Gabrielse, G.},
    journal = {Phys. Rev. Lett.},
    volume = {97},
    pages = {030801},
    year = {2006},
    publisher = {Bull. Am. Phys. Soc.},
    doi = {10.1103/PhysRevLett.97.030801},
}

@article{PhysRevLett.99.039902,
    title = {Erratum: New Determination of the Fine Structure Constant from the Electron $g$ Value and QED [Phys. Rev. Lett. 97, 030802 (2006)]},
    author = {Gabrielse, G. and Hanneke, D. and Kinoshita, T. and Nio, M. and Odom, B.},
    journal = {Phys. Rev. Lett.},
    volume = {99},
    pages = {039902},
    year = {2007},
    publisher = {Bull. Am. Phys. Soc.},
    doi = {10.1103/PhysRevLett.99.039902},
}


@article{osti_569122,
    title = {Los Alamos Science, Number 25 -- 1997: Celebrating the neutrino},
    author = {Cooper, N. G.},
    doi = {10.2172/569122},
    url = {https://www.osti.gov/biblio/569122},
    year = {1997},
}


@inbook{Iserles,
    author={Iserles, A. and Webb, M.},
    title={A Differential Analogue of Favard's Theorem},
    year={2021},
    publisher={Springer International Publishing},
    pages={239--263},
    isbn={978-3-030-75425-9},
    doi={10.1007/978-3-030-75425-9_13},
}

@inbook{Barata15,
    author = {Barata, J.C.},
    title = {Capítulo 15: Soluções de Equações Diferenciais Ordinárias Lineares no Plano Complexo},
    publisher = {},
    pages = {769--831},
    year = {2023},
    url = {http://denebola.if.usp.br/~jbarata/Notas_de_aula/arquivos/nc-cap15.pdf}
}

@inbook{Barata38,
    author = {Barata, J.C.},
    title = {Capítulo 38: Introdução à Distribuições e Transformadas de Fourier},
    publisher = {},
    pages = {1961--2071},
    year = {2023},
    url = {http://denebola.if.usp.br/~jbarata/Notas_de_aula/arquivos/nc-cap38.pdf}
}

@misc{ProfessorM,
    title = {Identical Particles in Quantum Mechanics},
    author = {Professor M does Science},
    year = {2020},
    url = {https://www.youtube.com/watch?v=1cIl3m-fmnY&ab_channel=ProfessorMdoesScience}
}

@book{DeBruyne,
    author = {DeBruyne, D. and Sorensen, L.},
    doi = {10.2478/9783110627756},
    title = {Quantum Mechanics I},
    year = {2018},
    publisher = {Sciendo},
    isbn = {978-3-11-062775-6}
}

@article{Pauli,
    title = {Offener Brief an die Gruppe der Radioaktiven bei der Gauvereins--Tagung zu Tübingen},
    year = {1930},
    note = {Wissenschaftlicher Briefwechsel mit Bohr, Einstein, Heisenberg},
    author = {Pauli, W.},
    volume = {Letter 259}, 
    url = {http://cds.cern.ch/record/83282/?ln=pt}
}

@book{Zwiebach,
    author = {Zwiebach, B.},
    title = {Mastering Quantum Mechanics},
    publisher = {MIT Press},
    year = {2022},
    edition = {1st},
    isbn = {978-0-26-204613-8}
}

@article{Planck1,
    author = {Planck, M.},
    title = {Über eine Verbesserung der Wienschen Spektralgleichung},
    journal = {Verhandlungen der Deutschen Physikalischen Gesellschaft},
    year = {1900},
    pages = {202--204},
    volume = {2}
}

@article{Planck2,
    author = {Planck, M.},
    title = {Zur Theorie des Gesetzes der Energieverteilung im Normalspectrum},
    journal = {Verhandlungen der Deutschen Physikalischen Gesellschaft},
    year = {1900},
    pages = {237--245},
    volume = {2}
}

@article{Planck3,
    author = {Planck, M.},
    title = {Entropie und Temperatur strahlender Wärme},
    journal = {Annalen der Physik},
    volume = {306},
    number = {4},
    pages = {719--737},
    doi = {10.1002/andp.19003060410},
    year = {1900}
}

@article{Planck4,
    author = {Planck, M.},
    title = {Ueber irreversible Strahlungsvorgänge},
    journal = {Annalen der Physik},
    volume = {306},
    number = {1},
    pages = {69--122},
    doi = {10.1002/andp.19003060105},
    year = {1900}
}

@article{Born,
    author = {Born, M.},
    title = {The statistical interpretation of quantum mechanics},
    journal = {Nobel Lecture},
    year = {1954}
}

@article{Einstein1,
    author = {Einstein, A.},
    title = {Zur Elektrodynamik bewegter körper},
    journal = {Annalen der physik},
    year = {1905},
    pages = {891},
    volume = {322}
}

@article{Einstein2,
    author = {Einstein, A.},
    title = {Die formale Grundlage der allgemeinen Relativitätstheorie},
    journal = {Mitth. d. phys.--math.},
    year = {1914},
    pages = {1030},
    volume = {19}
}

@article{Sorkin,
    author = {Sorkin, D. R.},
    title = {Kaluza--Klein Monopole},
    journal = {Phys. Rev. Lett.},
    year = {1983},
    pages = {87},
    volume = {51}
}

@article{Klein,
    author = {Klein, O},
    title = {Quantentheorie und fünfdimensionale Relativitätstheorie},
    journal = {Z. Physik},
    year = {1926},
    pages = {895},
    volume = {37},
    doi = {10.1007/BF01397481}
}

@article{Gordon,
    author = {Gordon, W.},
    title = {Der Comptoneffekt nach der Schrödingerschen Theorie},
    journal = {Z. Physik},
    year = {1926},
    pages = {117},
    volume = {40},
    doi = {10.1007/BF01390840}
}

@article{Fock,
    author = {Fock, V.},
    title = {Über die invariante Form der Wellen- und der Bewegungsgleichungen für einen geladenen Massenpunkt},
    journal = {Z. Physik},
    year = {1926},
    pages = {226},
    volume = {39},
    doi = {10.1007/BF01321989}
}

@book{Dirac,
    author = {Dirac, P. A. M.},
    title = {Principles of Quantum Mechanics (International Series of Monographs on Physics)},
    publisher = {Oxford University Press},
    year = {1958},
    isbn = {978-0-19-852011-5},
    edition = {4th}
}

@article{Dirac-notation,
  author          = {Dirac, P. A. M.},
  journal         = {Mathematical Proceedings of the Cambridge Philosophical Society},
  title           = {A new notation for quantum mechanics},
  volume          = {35},
  year            = {1939},
  pages           = {416},
  doi             = {10.1017/S0305004100021162}
}